@article{Cribari-Neto2004asymptotic,
author = {Cribari-Neto, Francisco},
doi = {10.1016/S0167-9473(02)00366-3},
journal = {Computational Statistics and Data Analysis},
number = {2},
pages = {215--233},
title = {{Asymptotic inference under heteroskedasticity of unknown form}},
volume = {45},
year = {2004}
}

@article{Cribari-Neto2007inference,
author = {Cribari-Neto, Francisco and Souza, Tatiene C. and Vasconcellos, Klaus L. P.},
doi = {10.1080/03610920601126589},
journal = {Communications in Statistics - Theory and Methods},
number = {10},
pages = {1877--1888},
title = {{Inference under heteroskedasticity and leveraged data}},
volume = {36},
year = {2007}
}

@article{Cribari-Neto2011new,
author = {Cribari-Neto, Francisco and da Silva, Wilton Bernardino},
doi = {10.1007/s10182-010-0141-2},
journal = {Advances in Statistical Analysis},
number = {2},
pages = {129--146},
title = {{A new heteroskedasticity-consistent covariance matrix estimator for the linear regression model}},
volume = {95},
year = {2011}
}

@book{Davidson1993estimation,
address = {New York, NY},
author = {Davidson, Russell and MacKinnon, James G},
mendeley-groups = {sandwiches},
publisher = {Oxford University Press},
title = {{Estimation and Inference in Econometrics}},
year = {1993}
}

@incollection{Eicker1967limit,
address = {Berkeley, CA},
author = {Eicker, Friedhelm},
booktitle = {Proceedings of the Fifth Berkeley symposium on Mathematical Statistics and Probability},
isbn = {0097-0433},
issn = {18660452},
pages = {59--82},
publisher = {University of California Press},
title = {{Limit theorems for regressions with unequal and dependent errors}},
year = {1967}
}

@inproceedings{Huber1967behavior,
address = {Berkeley, CA},
author = {Huber, Peter J},
booktitle = {Proceedings of the Fifth Berkeley symposium on Mathematical Statistics and Probability},
isbn = {0097-0433},
issn = {18660452},
pages = {221--233},
publisher = {University of California Press},
title = {{The behavior of maximum likelihood estimates under nonstandard conditions}},
year = {1967}
}

@article{Kauermann2001note,
author = {Kauermann, Goran and Carroll, Raymond J},
journal = {Journal of the American Statistical Association},
number = {456},
pages = {1387--1396},
title = {{A note on the efficiency of sandwich covariance matrix estimation}},
volume = {96},
year = {2001}
}

@article{Liang1986longitudinal,
author = {Liang, Kung-Yee and Zeger, Scott L},
journal = {Biometrika},
number = {1},
pages = {13--22},
title = {{Longitudinal data analysis using generalized linear models}},
volume = {73},
year = {1986}
}

@article{Lipsitz1999degrees,
author = {Lipsitz, Stuart R and Ibrahim, Joseph G. and Parzen, Michael},
doi = {10.1111/1467-9884.00207},
journal = {Journal of the Royal Statistical Society: Series D (The Statistician)},
number = {4},
pages = {495--506},
title = {{A degrees-of-freedom approximation for a t-statistic with heterogeneous variance}},
volume = {48},
year = {1999}
}

@article{Long2000using,
author = {Long, J. Scott and Ervin, Laurie H.},
doi = {10.1080/00031305.2000.10474549},
journal = {The American Statistician},
number = {3},
pages = {217--224},
title = {{Using heteroscedasticity consistent standard errors in the linear regression model}},
volume = {54},
year = {2000}
}

@article{MacKinnon1985some,
author = {MacKinnon, James G and White, Halbert},
journal = {Journal of Econometrics},
pages = {305--325},
title = {{Some heteroskedasticity-consistent covariance matrix estimators with improved finite sample properties}},
volume = {29},
year = {1985}
}

@incollection{MacKinnon2013thirty,
address = {New York, NY},
author = {MacKinnon, James G},
booktitle = {Recent Advances and Future Directions in Causality, Prediction, and Specification Analysis},
doi = {10.1007/978-1-4614-1653-1},
editor = {Chen, Xiaohong and Swanson, Norman R.},
isbn = {978-1-4614-1652-4},
publisher = {Springer New York},
title = {{Thirty years of heteroskedasticity-robust inference}},
year = {2013}
}

@article{McCaffrey2006improved,
author = {McCaffrey, Daniel F and Bell, Robert M},
doi = {10.1002/sim.2502},
journal = {Statistics in medicine},
number = {23},
pages = {4081--98},
pmid = {16456895},
title = {{Improved hypothesis testing for coefficients in generalized estimating equations with small samples of clusters.}},
volume = {25},
year = {2006}
}

@article{Newey1987simple,
author = {Newey, Whitney K and West, Kenneth},
journal = {Econometrica},
number = {3},
pages = {703--708},
title = {{A simple, positive definite, heteroskedasticity and autocorrelation consistent covariance matrix}},
volume = {55},
year = {1987}
}

@article{Newey1994automatic,
author = {Newey, Whitney K and West, Kenneth D},
doi = {10.2307/2297912},
journal = {The Review of Economic Studies},
number = {4},
pages = {631--653},
title = {{Automatic lag selection in covariance matrix estimation}},
volume = {61},
year = {1994}
}

@article{Rothenberg1988approximate,
author = {Rothenberg, TJ},
journal = {Econometrica},
number = {5},
pages = {997--1019},
title = {{Approximate power functions for some robust tests of regression coefficients}},
volume = {56},
year = {1988}
}


@article{White1980heteroskedasticity,
author = {White, Halbert},
journal = {Econometrica},
number = {4},
pages = {817--838},
title = {{A heteroskedasticity-consistent covariance matrix estimator and a direct test for heteroskedasticity}},
volume = {48},
year = {1980}
}

@article{Zeileis2004econometric,
author = {Zeileis, Achim},
journal = {Journal of Statistical Software},
number = {10},
pages = {1--17},
title = {{Econometric computing with HC and HAC covariance matrix estimators}},
volume = {11},
year = {2004}
}
